@book{java6,
  author = {{ดร.วีระศักดิ์ ซึงถาวร.}},
  title = {JAVA PROGRAMMING Volume I},
  date = {},
  month = {},
  year = {2545},
  publisher = {กรุงเทพฯ: ซีเอ็ดยูเคชั่น}
}

@book{androidbook1,
  author = {{กอบเกียรติ สระอุบล.}},
  title = {การพัฒนา App Android},
  date = {},
  month = {},
  year = {2549},
  publisher= {กรุงเทพฯ: มีเดีย เนทเวิร์ค}	
}

@misc{bib1,
  author = {{ทศพล  ต้นสมบัติ.}},
  title = {ระบบปฏิบัติการ ANDROID},
  date = {},
  month = {},
  year = {ม.ป.ป.},
  note = {12 พฤษภาคม 2561},
  url = {https://beerkung.wordpress.com/ระบบปฏิบัติการรุ่นล่าส/ระบบปฏิบัติการ-android.html}
}

@misc{bib2,
  author = {{MarcusCode.}},
  title = {การเขียนโปรแกรมเชิงวัตถุ},
  date = {},
  month = {},
  year = {2018},
  note = {12 พฤษภาคม 2561},
  url = {http://marcuscode.com/lang/java/introduction}
}

@misc{vuejs,
  author = {{Vue.js Team.}},
  title = {Introduction},
  url = {https://vuejs.org/v2/guide/},
  date = {},
  month = {},
  year = {2560},
  note = {2 พฤษภาคม 2561}
}

@misc{ActivityLifeCycle,
  author = {{Sleeping For Less.}},
  title = {Activity Life Cycle},
  url = {http://www.akexorcist.com/2016/04/why-do-we-need-to-know-about-activity-life-cycle-th.html},
  date = {},
  month = {},
  year = {2557},
  note = {12 พฤษภาคม 2561}
}

@misc{openhandsetalliance,
  author = {{Google.}},
  title = {Open Handset Alliance},
  url = {http://www.openhandsetalliance.com/},
  date = {},
  month = {},
  year = {2557},
  note = {20 พฤษภาคม 2561}
}

@misc{PSU,
  author = {{งานกองทุนเงินให้กู้ยืมเพื่อการศึกษา มหาวิทยาลัยสงขลานครินทร์ วิทยาเขตหาดใหญ่.}},
  title = {กยศ.ม.อ(PSU Studentloan)},
  url = {https://studentloan.psu.ac.th/home},
  date = {},
  month = {},
  year = {2554},
  note = {20 พฤษภาคม 2561}
}

@misc{blackbox,
  author = {{Atthaboon S.}},
  title = {BLACK-BOX TESTING STRATEGY
           },
  url = {http://everybitsconsult.com/blog/2015/06/22/black-box-testing.html},
  date = {},
  month = {},
  year = {2555},
  note = {20 พฤษภาคม 2561}
}


@misc{eStudentloan,
  author = {{Tni.Student.}},
  title = {แอปพลิเคชัน eStudentloan},
  url = {https://play.google.com/store/apps/details?id=th.co.dest.anek.studentloan},
  date = {},
  month = {},
  year = {2560},
  note = {20 พฤษภาคม 2561}
}

@misc{กยศ,
  author = {{กองทุนเงินให้กู้ยืมเพื่อการศึกษา(กยศ.).}},
  title = {กองทุนเงินให้กู้ยืมเพื่อการศึกษา(กยศ.)},
  url = {https://www.studentloan.or.th/index.php/aboutus},
  date = {},
  month = {},
  year = {2554},
  note = {20 พฤษภาคม 2561}
}

@misc{ScanLibrary,
  author = {{jhansireddy.}},
  title = {AndroidScannerDemo},
  url = {https://www.studentloan.or.th/index.php/aboutus},
  date = {},
  month = {},
  year = {2557},
  note = {3 เมษายา 2561}
}

@misc{firestore,
  author = {{Thanongkiat Tamtai.}},
  title = {เข้มข้นกับ Firebase Cloud Firestore},
  date = {},
  month = {},
  year = {2557},
  url = {https://goo.gl/ZmqY3g},
  note = {18 เมษายา 2561}
}

@misc{scenario,
  author = {{ Inflectra. }},
  title = {Software Testing Methodologies},
  date = {},
  month = {},
  year = {2018},
  url = {https://www.inflectra.com/ideas/topic/testing-methodologies.aspx},
  note = {14 พฤษภาคม 2561}
}


@misc{js,
  author = {{mindphp.}},
  title = {JavaScript คืออะไร},
  date = {},
  month = {},
  year = {2555},
  url = {https://goo.gl/FAeTb2},
  note = {12 พฤษภาคม 2561}
}

@misc{architecture,
  author = {{Kunchit Phiu-Nual.}},
  title = {ความหมายและความสำคัญของ System Architecture},
  date = {},
  month = {},
  year = {2557},
  url = {https://goo.gl/6ZhGQo},
  note = {12 พฤษภาคม 2561}
}

